2423 3775
56 334 317 377 mutatur.
393 321 541 373 Tota
571 316 858 390 longitudo
885 312 1106 385 majoris
1138 314 1332 388 plantae
1364 312 1611 368 animalis
1634 313 1710 368 est
1748 331 1806 383 13
1842 313 2176 387 digitorum,
2208 318 2317 370 mi-

58 464 209 516 noris
257 479 314 514 12
345 459 647 531 digitorum
684 457 834 532 pedis
864 453 1251 511 rhcnolandici.
1362 456 1567 510 Prioris
1609 471 1810 530 corpus
1843 453 2004 509 habet
2049 472 2075 524 5
2115 452 2316 527 digitos

61 619 192 658 cum
226 598 484 664 dimidiO,
541 601 594 654 ὃς
629 597 793 652 caulis
830 615 862 667 7
890 595 1088 669 digitos
1129 613 1261 650 cum
1309 593 1541 649 dimidio
1552 636 1570 662 ,
1628 594 1847 651 alterius
1896 610 2083 652 autem
2119 612 2320 670 corpus

60 756 279 798 tantum
309 758 331 812 3
369 738 567 812 digitos
594 755 724 793 curn
753 734 983 792 dimidio
993 775 1010 801 ,
1051 739 1179 810 quia
1207 735 1371 790 caulis
1408 746 1439 800 8
1472 733 1670 808 digitos
1701 753 1833 791 cum
1859 734 2090 792 dimidio
2121 735 2320 810 longus

64 883 154 938 est.
227 884 314 937 Ex
340 878 442 934 hac
471 876 775 932 differentia
800 876 1184 932 mensurarum
1212 892 1515 951 corporum
1543 878 1597 932 ὃς
1616 876 1857 932 caulium
1878 875 2153 932 diversitas
2173 875 2322 949 figu-

61 1039 253 1078 rarum
282 1024 342 1074 in
370 1031 489 1073 toto
516 1021 801 1092 Vtriusque
827 1014 1109 1092 Zoophyti
1136 1014 1325 1072 habitu
1355 1034 1474 1072 non
1499 1015 1694 1085 solum,
1720 1015 1807 1071 sed
1835 1020 2080 1073 etiamin
2102 1016 2319 1074 summo

64 1167 242 1238 apice,
281 1177 383 1215 nec
409 1174 527 1213 non
553 1161 614 1213 in
645 1157 893 1213 distantia
923 1161 1033 1212 oris
1062 1160 1117 1213 <Sc
1143 1161 1262 1225 ani,
1300 1175 1420 1233 quae
1447 1162 1508 1213 in
1542 1157 1712 1212 altero
1742 1156 1984 1213 duorum
2014 1156 2322 1231 digitorum

63 1320 194 1359 cum
221 1298 481 1365 dimidio,
518 1302 578 1354 in
608 1298 776 1354 altero
815 1302 978 1354 vnius
1007 1311 1227 1353 tantum
1259 1296 1420 1371 digiti
1456 1314 1588 1353 cum
1616 1295 1847 1353 dimidio
1883 1297 1987 1365 est,
2034 1298 2321 1374 conspicua

63 1447 258 1511 oritur,
291 1458 456 1516 quam
483 1437 686 1507 exacie,
707 1442 762 1496 ὃς
780 1437 1014 1496 naturali
1032 1437 1418 1512 magnitudine
1437 1441 1499 1493 in
1526 1435 1706 1492 tabula
1724 1441 1819 1492 aeri
1837 1436 2002 1493 incisa
2019 1436 2321 1514 expressam

64 1558 246 1649 videS,
303 1585 359 1638 δε
407 1600 530 1655 quae
575 1579 753 1636 forsan
795 1579 1072 1635 diversum
1109 1579 1299 1636 sexum
1336 1577 1567 1645 indicat,
1622 1578 1725 1634 m'fi
1755 1576 1899 1634 hanc
1933 1581 2078 1634 aetati
2107 1576 2321 1651 juniori

66 1727 122 1781 δε
149 1720 515 1800 provcffiori,
555 1739 666 1796 quo
693 1735 879 1776 tamen
909 1719 1035 1793 jure
1069 1719 1278 1786 nesciO,
1316 1718 1557 1776 tribuere
1589 1717 1780 1792 aliquis
1805 1718 1975 1776 malit.

210 1954 290 2012 Vt
315 1955 368 2010 ὃς
394 1951 598 2008 viscera
624 1948 1053 2026 Zoophytorum
1078 1967 1340 2006 meorum
1365 1948 1626 2023 inspicere
1655 1947 1881 2026 possem,
1901 1953 2127 2004 tertium
2149 1968 2178 2003 a
2203 1948 2318 2005 sede

64 2095 155 2152 sua
182 2093 416 2150 naturali
443 2090 692 2149 avulsum
720 2091 1024 2167 exemplar,
1063 2088 1213 2167 quod
1241 2094 1546 2147 minimum
1572 2093 1626 2148 ὃς
1654 2089 1844 2145 decern
1865 2088 2064 2162 digitos
2086 2089 2319 2162 longum

65 2235 168 2303 est,
204 2233 270 2290 ab
299 2252 392 2289 ore
422 2231 490 2290 ad
514 2249 687 2288 anum
708 2249 880 2305 usque
907 2231 1083 2287 cultro
1111 2230 1294 2288 incidi.
1376 2232 1534 2286 Cutis
1562 2234 1701 2287 corii
1726 2228 1893 2286 instar
1922 2229 2113 2296 firma,
2153 2248 2321 2303 quam

66 2374 327 2432 incisione
356 2372 496 2429 facia
521 2377 796 2430 invertere
819 2377 1008 2448 potui,
1047 2391 1077 2428 e
1107 2370 1311 2428 duabus
1335 2372 1551 2428 laminis
1585 2375 1967 2446 componitur,
2000 2375 2321 2446 internaque

66 2515 180 2591 ejus
208 2514 512 2591 superficies
545 2513 725 2569 colore
753 2518 920 2568 niveo
953 2511 1282 2588 splendente,
1313 2531 1418 2569 nec
1444 2531 1562 2568 non
1588 2511 1761 2568 limbo
1794 2510 2112 2577 orbiculari,
2154 2530 2320 2585 quem

69 2662 179 2715 oris
204 2654 568 2732 sphinsterem
594 2654 697 2711 esse
725 2653 1034 2720 crederem,
1071 2665 1264 2708 ornata
1289 2652 1380 2709 est.
1453 2655 1591 2727 Qae
1625 2667 1813 2708 autem
1832 2655 2078 2707 continet
2099 2651 2319 2719 viscera,

69 2800 192 2856 sunt
217 2795 423 2853 canales
443 2795 915 2871 perpendiculares
936 2794 1223 2850 albicantes
1250 2792 1314 2848 ab
1343 2798 1460 2848 imo
1480 2792 1546 2848 ad
1566 2793 1845 2848 summum
1866 2796 2078 2867 apicem
2098 2792 2319 2859 extensi,

70 2956 204 2994 cum
233 2936 560 2993 intermedio
590 2955 822 3012 corpore
853 2933 1170 3009 glanduloso
1206 2932 1527 2989 flavescente
1561 2932 1712 2988 fibris
1750 2937 1969 2988 nerveis
2003 2937 2319 2989 circumvo-

70 3077 217 3145 lut0,
257 3081 343 3132 cui
374 3075 645 3134 adhaerent
674 3077 926 3153 plurimae
953 3074 1160 3133 fibrillae
1188 3074 1487 3151 capillareS,
1526 3091 1646 3150 quae
1676 3092 1747 3130 an
1775 3077 1978 3142 carniS,
2016 3073 2105 3131 vel
2137 3091 2319 3129 mem·-

2137 3213 2317 3269 branae
