2423 3775
979 210 1492 289 &7ss

238 343 392 401 Solus
429 340 733 419 adspectus,
770 354 827 397 vt
869 339 991 414 jam
1025 346 1251 411 monui,
1291 347 1497 399 evincit
1540 342 1834 418 specimina
1880 345 2160 418 singularis
2202 347 2362 422 hujus

89 488 257 542 maris
288 481 544 559 producti
582 481 683 538 effe
712 500 868 538 veras
894 481 1102 557 plantas
1133 483 1421 551 animales,
1462 483 1528 541 de
1556 484 1753 559 quibus
1783 483 1929 553 duae,
1972 487 2137 543 altera
2165 488 2363 562 major,

90 625 255 681 altera
290 629 479 679 minor
517 621 682 699 lapidi
722 621 1008 678 duriffimo
1048 622 1233 678 infixae
1273 624 1424 692 sunt,
1478 631 1639 681 tertia
1672 645 1810 683 vero
1847 645 2017 703 eaque
2052 633 2289 685 minima
2331 648 2364 687 a

88 764 264 841 lapide
293 764 529 841 separata
550 762 802 839 quidem,
830 762 917 819 sed
946 763 1101 819 illaesa
1128 779 1256 821 erat.
1331 767 1552 823 Harum
1570 766 1821 842 quaelibet
1839 767 2048 824 constat
2065 768 2245 844 stipite
2274 770 2364 827 vel

89 906 268 972 caule,
298 909 352 962 ὃς
385 923 633 981 corpore.
707 906 834 961 Hoc
861 903 936 960 est
962 903 1450 963 membranaceum
1476 908 1565 964 vel
1588 913 1771 984 potius
1791 913 2130 976 coriaceum,
2164 910 2362 967 coloris

88 1046 268 1103 lateris
295 1046 462 1102 instar
487 1044 670 1113 rubri,
709 1044 799 1102 ille
838 1062 908 1100 ex
934 1043 1055 1100 albo
1083 1044 1289 1113 flavus,
1318 1047 1680 1121 cartilagineae
1706 1049 1794 1105 vel
1825 1068 2037 1106 corneae
2062 1050 2178 1105 fere
2218 1051 2363 1107 mol-

89 1186 241 1244 lioris
268 1200 498 1243 texturae
524 1199 688 1261 atque
713 1184 935 1242 duritiei
964 1185 1068 1256 est,
1093 1189 1148 1244 &
1172 1190 1234 1242 in
1259 1185 1390 1243 duas
1414 1202 1593 1264 partes
1613 1188 1908 1246 commode
1933 1189 2213 1248 dividitur.
2271 1195 2362 1250 In-

88 1325 261 1385 ferior
288 1346 491 1404 nempe
521 1345 654 1384 cava
686 1326 790 1395 est,
825 1330 881 1384 &
920 1344 989 1384 ex
1023 1328 1237 1385 annulis
1273 1328 1650 1386 minutiffimis
1690 1336 2073 1408 componitur3
2113 1332 2360 1408 superior

89 1467 321 1526 finditur
346 1474 515 1544 inque
540 1467 786 1526 formam
814 1487 961 1526 verae
987 1467 1183 1545 spathae
1209 1484 1477 1538 mutatur,
1508 1490 1538 1527 e
1567 1489 1672 1547 qua
1689 1490 1886 1547 corpus
1907 1477 2186 1548 originem
2207 1474 2360 1534 suam

89 1609 270 1668 sumit.
344 1613 472 1667 Hoc
495 1615 556 1667 in
580 1609 753 1666 modo
783 1609 924 1666 dieta
955 1608 1139 1685 spatha
1163 1615 1316 1685 apice
1341 1625 1503 1668 acuto
1530 1617 1752 1688 incipit,
1789 1611 1991 1671 faciem
2021 1616 2210 1671 veficae
2236 1615 2360 1672 lon-

89 1754 262 1825 gioris
292 1749 537 1819 exhibet,
567 1753 623 1807 δε
661 1755 1008 1808 extremitate
1041 1749 1230 1807 obtusa
1275 1756 1621 1810 terminatur.
1696 1752 1915 1810 Gaudet
1952 1752 2123 1811 hocce
2159 1773 2357 1832 corpus

89 1909 187 1948 ore
212 1895 567 1968 prominente
588 1890 798 1967 patulO,
827 1909 934 1949 ano
955 1891 1298 1968 prominu10,
1317 1863 1621 1969 sphin&ere
1649 1891 1880 1962 radiatO,
1901 1894 2095 1963 clauso,
2120 1914 2223 1953 nec
2240 1915 2358 1953 non

87 2031 356 2090 intestinis
388 2036 500 2103 ori,
538 2051 647 2092 ano
673 2036 730 2092 ὃς
759 2032 1193 2092 extremitatibus
1202 2074 1223 2104 ,
1261 2033 1528 2111 superiori
1569 2052 1722 2110 aeque
1760 2054 1823 2092 ac
1856 2035 2137 2107 inferiori,
2175 2035 2357 2095 adhae-

88 2173 350 2234 rentibus,

233 2446 509 2505 Diametri
546 2461 850 2522 corporum
887 2442 1131 2503 duorum
1166 2443 1595 2522 Zoophytorum
1630 2445 1796 2523 lapidi
1834 2444 2192 2505 infidentium
2229 2447 2355 2505 sunt

88 2587 193 2655 ibi,
227 2587 324 2645 vbi
350 2606 583 2664 corpora
609 2590 917 2644 maximam
945 2586 1237 2645 craffitiem
1264 2584 1466 2644 habent
1490 2586 1605 2644 fere
1629 2587 1878 2663 aequaleS,
1907 2607 2088 2645 vnum
2112 2587 2354 2663 digitum

88 2733 189 2787 vix
214 2728 561 2798 excedenteS,
594 2729 770 2786 caules
800 2747 938 2786 vero
974 2727 1043 2785 ad
1072 2726 1316 2806 spatham
1345 2746 1517 2804 vsque
1549 2743 1739 2785 tenues
1777 2727 2083 2788 admodum
2107 2729 2255 2798 sunt,
2294 2734 2353 2788 δε

89 2869 222 2927 duas
258 2872 425 2929 lineas
461 2888 581 2928 non
626 2870 906 2948 superant,
945 2885 1175 2947 excepto
1214 2868 1438 2943 majoris
1474 2869 1671 2946 plantae
1710 2870 1957 2926 animalis
1994 2869 2061 2926 ad
2093 2869 2351 2929 foramen

91 3031 121 3082 q
160 3030 331 3087 usque
355 3017 659 3090 principio,
689 3011 840 3088 quod
865 3011 1032 3089 duplo
1070 3009 1286 3068 craffius
1315 3010 1406 3068 est.
1462 3008 1660 3087 Spatha
1687 3011 1797 3087 ipsa
1823 3011 2016 3067 sensim
2045 3011 2348 3088 sensimque

90 3152 250 3211 latior
276 3152 341 3211 fit
369 3157 425 3212 δε
450 3152 676 3213 tandem
707 3159 921 3233 apicem
949 3152 1274 3211 inferiorem
1299 3155 1546 3230 corporis
1571 3151 1651 3209 sui
1679 3151 2012 3222 circumdat,
2045 3157 2098 3211 ὃς
2125 3158 2185 3209 in
2212 3151 2346 3209 illud

2161 3309 2344 3350 musa·
